@article{greenwade93,
    author  = "George D. Greenwade",
    title   = "The {C}omprehensive {T}ex {A}rchive {N}etwork ({CTAN})",
    year    = "1993",
    journal = "TUGBoat",
    volume  = "14",
    number  = "3",
    pages   = "342--351"
}
@article{luo2019commerce,
  title={E-Commerce development and household consumption growth in China},
  author={Luo, Xubei and Wang, Yue and Zhang, Xiaobo},
  journal={World Bank Policy Research Working Paper},
  number={8810},
  year={2019}
}
@article{fan2018alibaba,
  title={The Alibaba effect: Spatial consumption inequality and the welfare gains from e-commerce},
  author={Fan, Jingting and Tang, Lixin and Zhu, Weiming and Zou, Ben},
  journal={Journal of International Economics},
  volume={114},
  pages={203--220},
  year={2018},
  publisher={Elsevier}
}
@misc{mofcom2016ecommerce,
  title        = {E-commerce in China, 2016},
  author       = {{Ministry of Commerce of the People's Republic of China}},
  year         = 2016,
  howpublished = {Ministry of Commerce of the People's Republic of China},
  note         = {Accessed: [Insert Date of Access]}
}
